<?xml version="1.0" encoding="UTF-8"?><record xmlns="http://www.loc.gov/MARC21/slim" xmlns:cinclude="http://apache.org/cocoon/include/1.0" xmlns:zs="http://www.loc.gov/zing/srw/">
  <leader>00391nz  a2200133n  4500</leader>
  <controlfield tag="001">no2005041370</controlfield>
  <controlfield tag="003">DLC</controlfield>
  <controlfield tag="005">20050503051835.0</controlfield>
  <controlfield tag="008">050502n| acannaabn          |n aaa     c</controlfield>
  <datafield tag="010" ind1=" " ind2=" ">
    <subfield code="a">no2005041370</subfield>
  </datafield>
  <datafield tag="035" ind1=" " ind2=" ">
    <subfield code="a">(OCoLC)oca06624000</subfield>
  </datafield>
  <datafield tag="040" ind1=" " ind2=" ">
    <subfield code="a">MiDU</subfield>
    <subfield code="b">eng</subfield>
    <subfield code="c">MiDU</subfield>
  </datafield>
  <datafield tag="100" ind1="1" ind2=" ">
    <subfield code="a">Charlton, Dagmar</subfield>
  </datafield>
  <datafield tag="670" ind1=" " ind2=" ">
    <subfield code="a">EQ and the emotional curriculum [VR], c2003:</subfield>
    <subfield code="b">credits (produced and directed by Dagmar Charlton)</subfield>
  </datafield>
</record>